@book{kneusel2018,
  author = {Ronald T. Kneusel},
  title = {Random Numbers and Computers},
  year = {2018},
  publisher = {Springer},
  isbn = {978-3-319-77697-2},
  doi = {10.1007/978-3-319-77697-2}
}

@article{barash2017,
  title={Employing AVX Vectorization to Improve the Performance of Random Number Generators},
  author={Barash, L. Yu. and Guskova, Maria S. and Shchur, Lev. N.},
  journal={Programming and Computer Software},
  volume={43},
  number={3},
  pages={145--160},
  year={2017},
  publisher={Springer},
  doi = {10.1134/S0361768817030033}
}

@book{patterson2014,
  author = {David A. Patterson and John L. Hennessy},
  title = {Computer Organization and Design},
  subtitle = {The Hardware/Software Interface},
  year = {2014},
  publisher = {Morgan Kaufmann -- Elsevier},
  edition = {Fifth Edition},
  isbn = {978-0-12-407726-3}
}

@book{landau2014,
  title = {A Guide to Monte Carlo Simulations in Statistical Physics},
  author = {David P. Landau and Kurt Binder},
  year = {2014},
  edition = {Fourth Edition},
  publisher = {Cambridge University Press -- University of Cambridge},
  isbn = {978-1-107-07402-6},
  doi = {10.1017/CBO9781139696463}
}

@article{lecuyer1994,
  author = {L'Ecuyer, Pierre},
  year = {1994},
  month = {12},
  pages = {77-120},
  title = {Uniform Random Number Generation},
  volume = {53},
  journal = {Annals of Operations Research},
  doi = {10.1007/BF02136827}
}

@manual{intel-intrinsics-guide,
  title = {Intel Intrinsics Guide},
  author = {Intel},
  year = {2019},
  url = {https://software.intel.com/sites/landingpage/IntrinsicsGuide/},
  urldate = {2019-11-21}
}

@online{intel-mkl,
  title = {Intel® Math Kernel Library},
  author = {Intel},
  year = {2019},
  url = {https://software.intel.com/en-us/mkl},
  urldate = {2019-11-30}
}

@book{pharr2016,
  title = {Physically Based Rendering},
  subtitle = {From Theory to Implementation},
  author = {Matt Pharr and Wenzel Jakob and Greg Humphreys},
  year = {2016},
  edition = {Third Edition},
  publisher = {Morgan Kaufmann -- Elsevier},
  doi = {10.1016/C2013-0-15557-2},
  isbn = {978-0-12-800645-0}
}

@thesis{pawellek2019,
  title = {Design and Implementation of Vectorized Pseudorandom Number Generators and their Application to Simulations of Photon Propagation},
  author = {Markus Pawellek},
  year = {2019},
  type = {Master's Thesis},
  school = {Friedrich-Schiller-Universität Jena},
  url = {https://github.com/lyrahgames/pxart/blob/master/docs/thesis/main.pdf},
  urldate = {2020-05-25}
}

@online{pxart,
  title = {pxart},
  subtitle = {Packed Extensions for Advanced Random Techniques: Library and Applications for Random Number Generators},
  author = {Markus Pawellek},
  year = {2019},
  url = {https://github.com/lyrahgames/pxart},
  urldate = {2019-12-11}
}