@book{kneusel2018,
  author = {Ronald T. Kneusel},
  title = {Random Numbers and Computers},
  year = {2018},
  publisher = {Springer},
  isbn = {978-3-319-776696-5}
}

@book{fog2018a,
  author = {Agner Fog},
  title = {Optimizing Software in C++: An Optimization Guide for Windows, Linux and Mac Platforms},
  year = {2018},
  publisher = {Agner Fog},
  url = {https://www.agner.org/optimize/optimizing_cpp.pdf}
}

@book{fog2018e,
  author = {Agner Fog},
  title = {Calling Conventions for Different C++ Compilers and Operating Systems},
  year = {2018},
  publisher = {Agner Fog},
  url = {https://www.agner.org/optimize/calling_conventions.pdf}
}

@article{fog2015,
  author = {Agner Fog},
  title = {Pseudo-Random Number Generators for Vector Processors and Multicore Processors},
  year = {2015},
  journal = {Journal of Modern Applied Statistical Methods},
  volume = {14},
  number = {23},
  url = {http://digitalcommons.wayne.edu/jmasm/vol14/iss1/13}
}

@incollection{saito2008,
  title={SIMD-oriented fast Mersenne Twister: a 128-bit pseudorandom number generator},
  author={Saito, Mutsuo and Matsumoto, Makoto},
  booktitle={Monte Carlo and Quasi-Monte Carlo Methods 2006},
  pages={607--622},
  year={2008},
  publisher={Springer}
}

@article{guskova2016,
  title={RNGAVXLIB: Program library for random number generation, AVX realization},
  author={Guskova, Maria S and Barash, L Yu and Shchur, Lev N},
  journal={Computer Physics Communications},
  volume={200},
  pages={402--405},
  year={2016},
  publisher={Elsevier}
}

@article{barash2017,
  title={Employing AVX vectorization to improve the performance of random number generators},
  author={Barash, L Yu and Guskova, Maria S and Shchur, Lev N},
  journal={Programming and Computer Software},
  volume={43},
  number={3},
  pages={145--160},
  year={2017},
  publisher={Springer}
}

@report{demirag2014,
  title = {Vectorization Studies of Random Number Generators on Intel's Haswell Architecture},
  author = {Yigit Demirag},
  year = {2014},
  institution = {CERN openlab}
}

@article{barash2011,
  title={RNGSSELIB: Program library for random number generation, SSE2 realization},
  author={Barash, L Yu and Shchur, Lev N},
  journal={Computer Physics Communications},
  volume={182},
  number={7},
  pages={1518--1527},
  year={2011},
  publisher={Elsevier}
}

@article{barash2013,
  title={RNGSSELIB: Program library for random number generation. More generators, parallel streams of random numbers and Fortran compatibility},
  author={Barash, L Yu and Shchur, Lev N},
  journal={Computer Physics Communications},
  volume={184},
  number={10},
  pages={2367--2369},
  year={2013},
  publisher={Elsevier}
}

@article{barash2014,
  title={PRAND: GPU accelerated parallel random number generation library: Using most reliable algorithms and applying parallelism of modern GPUs and CPUs},
  author={Barash, L Yu and Shchur, Lev N},
  journal={Computer physics communications},
  volume={185},
  number={4},
  pages={1343--1353},
  year={2014},
  publisher={Elsevier}
}

@inproceedings{lecuyer2015,
  title={Random number generation with multiple streams for sequential and parallel computing},
  author={L'Ecuyer, Pierre},
  booktitle={2015 Winter Simulation Conference (WSC)},
  pages={31--44},
  year={2015},
  organization={IEEE}
}

@article{bauke2007,
  title={Random numbers for large-scale distributed Monte Carlo simulations},
  author={Bauke, Heiko and Mertens, Stephan},
  journal={Physical Review E},
  volume={75},
  number={6},
  pages={066701},
  year={2007},
  publisher={APS}
}